<?xml version="1.0" encoding="UTF-8"?><collection xmlns="http://www.loc.gov/MARC21/slim"><record><leader>00477nam--2200169-i-4500</leader><controlfield tag="001">000007065</controlfield><controlfield tag="002">20161230</controlfield><controlfield tag="005">20170112232424</controlfield><controlfield tag="008">060222s1000------------r-----000-0-eng-d</controlfield><datafield ind1=" " ind2=" " tag="100"><subfield code="a">Debrue, J</subfield></datafield><datafield ind1=" " ind2=" " tag="245"><subfield code="a">Elementary nuclear reactor theory. Proceedings</subfield></datafield><datafield ind1=" " ind2=" " tag="260"><subfield code="a">Amsterdam</subfield><subfield code="b">North-Holland Publ.Co</subfield><subfield code="c">1964</subfield></datafield><datafield ind1=" " ind2=" " tag="300"><subfield code="a">775-803 p</subfield></datafield><datafield ind1=" " ind2=" " tag="490"><subfield code="a">Reprinted From The Interaction Of Radiation Wi Th Solids</subfield></datafield><datafield ind1=" " ind2=" " tag="700"><subfield code="a">Motte, F</subfield></datafield><datafield ind1=" " ind2=" " tag="852"><subfield code="a">20713</subfield></datafield><datafield ind1=" " ind2=" " tag="CAT"><subfield code="a">SYS</subfield><subfield code="c">20170112</subfield><subfield code="h">232424</subfield></datafield></record></collection>